<?xml version="1.0" encoding="UTF-8"?><collection xmlns="http://www.loc.gov/MARC21/slim"><record><leader>00331nam--2200133-i-4500</leader><controlfield tag="001">000002770</controlfield><controlfield tag="002">20161230</controlfield><controlfield tag="005">20161230201025</controlfield><controlfield tag="008">060222s1000------------r-----000-0-eng-d</controlfield><datafield ind1=" " ind2=" " tag="100"><subfield code="a">Crede, Charles E</subfield></datafield><datafield ind1=" " ind2=" " tag="245"><subfield code="a">Vibration and shock isolation</subfield></datafield><datafield ind1=" " ind2=" " tag="260"><subfield code="a">New York, John Wiley And Sons, Inc, 1952</subfield></datafield><datafield ind1=" " ind2=" " tag="490"><subfield code="a">Xvii+328p</subfield></datafield><datafield ind1=" " ind2=" " tag="852"><subfield code="a">531</subfield></datafield></record></collection>